<record xmlns="http://www.loc.gov/MARC21/slim" xmlns:xsi="http://www.w3.org/2001/XMLSchema-instance" xsi:schemaLocation="http://www.loc.gov/MARC21/slim http://www.loc.gov/standards/marcxml/schema/MARC21slim.xsd"><leader>01855nam a2200385   4500</leader><controlfield tag="001">001585912</controlfield><controlfield tag="003">NNU</controlfield><controlfield tag="006">m        d        </controlfield><controlfield tag="007">cr cn |||m|||a</controlfield><controlfield tag="008">150116m19349999ua ac   ob    000 0 ara d</controlfield><datafield ind1=" " ind2=" " tag="040"><subfield code="a">NNU</subfield><subfield code="b">eng</subfield><subfield code="c">NNU</subfield></datafield><datafield ind1=" " ind2="4" tag="050"><subfield code="a">PJ7521</subfield><subfield code="b">.S3</subfield></datafield><datafield ind1=" " ind2=" " tag="066"><subfield code="c">(3</subfield></datafield><datafield ind1=" " ind2=" " tag="090"><subfield code="a">PJ7521</subfield><subfield code="b">.S3</subfield></datafield><datafield ind1="1" ind2=" " tag="100"><subfield code="6">880-01</subfield><subfield code="a">Saqq&#257;f, &#699;Abd All&#257;h ibn Mu&#7717;ammad ibn &#7716;&#257;mid</subfield></datafield><datafield ind1="1" ind2="0" tag="245"><subfield code="6">880-02</subfield><subfield code="a">T&#257;r&#299;kh al-shu&#699;ar&#257;&#700; al-&#7716;a&#7693;ram&#299;y&#299;n</subfield><subfield code="h">[electronic resource] /</subfield><subfield code="c">ta&#700;l&#299;f &#699;Abd All&#257;h ibn Mu&#7717;ammad ibn &#7716;&#257;mid al-Saqq&#257;f al-&#699;Alaw&#299;.</subfield></datafield><datafield ind1=" " ind2=" " tag="260"><subfield code="6">880-03</subfield><subfield code="a">al-Q&#257;hirah :</subfield><subfield code="b">Ma&#7789;ba&#699;at &#7716;ij&#257;z&#299;,</subfield><subfield code="c">1934-</subfield></datafield><datafield ind1=" " ind2=" " tag="300"><subfield code="a">online resource (v.) :</subfield><subfield code="b">ill., ports.</subfield></datafield><datafield ind1=" " ind2=" " tag="500"><subfield code="a">Includes errata pages.</subfield></datafield><datafield ind1=" " ind2=" " tag="500"><subfield code="a">"Ab&#7717;&#257;th qayyimah wa-t&#7717;l&#299;l&#257;t fayy&#257;&#7693;ah, al-Awwal min naw&#699;ihi f&#299; maw&#7693;&#363;&#699;ih" T.p.</subfield></datafield><datafield ind1=" " ind2=" " tag="500"><subfield code="a">Part of the Arabic Collections Online (ACO) project, contributed by New York Univeristy Libraries.</subfield></datafield><datafield ind1=" " ind2=" " tag="504"><subfield code="a">Includes bibliographical references.</subfield></datafield><datafield ind1=" " ind2=" " tag="533"><subfield code="a">Electronic reproduction.</subfield><subfield code="b">New York, N.Y. :</subfield><subfield code="c">New York University,</subfield><subfield code="d">2015.</subfield><subfield code="5">NNU</subfield></datafield><datafield ind1=" " ind2="0" tag="650"><subfield code="a">Poets, Arab.</subfield></datafield><datafield ind1=" " ind2="0" tag="650"><subfield code="a">Poets, Hadrami.</subfield></datafield><datafield ind1=" " ind2="0" tag="650"><subfield code="a">Arabic poetry</subfield><subfield code="z">&#7716;a&#7693;ramawt.</subfield></datafield><datafield ind1="2" ind2=" " tag="710"><subfield code="a">New York University.</subfield><subfield code="b">Libraries.</subfield></datafield><datafield ind1="0" ind2=" " tag="730"><subfield code="a">Arabic Collections Online.</subfield></datafield><datafield ind1="0" ind2="8" tag="776"><subfield code="i">Print version:</subfield><subfield code="a">Saqq&#257;f, &#699;Abd All&#257;h ibn Mu&#7717;ammad ibn &#7716;&#257;mid 880-01</subfield><subfield code="t">T&#257;r&#299;kh al-shu&#699;ar&#257;&#700; al-&#7716;a&#7693;ram&#299;y&#299;n</subfield><subfield code="w">(NNU)001585912</subfield></datafield><datafield ind1="4" ind2="0" tag="856"><subfield code="u">http://hdl.handle.net/2333.1/w6m9083s</subfield></datafield><datafield ind1="1" ind2=" " tag="880"><subfield code="6">100-01/</subfield><subfield code="a">&#1587;&#1602;&#1575;&#1601;&#1548; &#1593;&#1576;&#1583;&#1575;&#1604;&#1604;&#1607; &#1576;&#1606; &#1605;&#1581;&#1605;&#1583; &#1576;&#1606; &#1581;&#1575;&#1605;&#1583;.</subfield></datafield><datafield ind1="1" ind2="0" tag="880"><subfield code="6">245-02/</subfield><subfield code="a">&#1578;&#1575;&#1585;&#1610;&#1582; &#1575;&#1604;&#1588;&#1593;&#1585;&#1575;&#1569; &#1575;&#1604;&#1581;&#1590;&#1585;&#1605;&#1610;&#1610;&#1606; /</subfield><subfield code="c">&#1578;&#1571;&#1604;&#1610;&#1601; &#1593;&#1576;&#1583;&#1575;&#1604;&#1604;&#1607; &#1576;&#1606; &#1605;&#1581;&#1605;&#1583; &#1576;&#1606; &#1581;&#1575;&#1605;&#1583; &#1575;&#1604;&#1587;&#1602;&#1575;&#1601; &#1575;&#1604;&#1593;&#1604;&#1608;&#1610;.</subfield></datafield><datafield ind1=" " ind2=" " tag="880"><subfield code="6">260-03/</subfield><subfield code="a">&#1575;&#1604;&#1602;&#1575;&#1607;&#1585;&#1577; :</subfield><subfield code="b">&#1605;&#1591;&#1576;&#1593;&#1577; &#1581;&#1580;&#1575;&#1586;&#1610;&#1548;</subfield><subfield code="c">1934-</subfield></datafield><datafield ind1=" " ind2=" " tag="959"><subfield code="a">NNU</subfield><subfield code="b">WEB</subfield><subfield code="c">GENI</subfield><subfield code="t">0</subfield><subfield code="m">Electronic access</subfield><subfield code="s">01</subfield></datafield><datafield ind1=" " ind2=" " tag="999"><subfield code="i">NNU_001585912</subfield><subfield code="o" /></datafield></record>